<?xml version="1.0" encoding="UTF-8"?><collection xmlns="http://www.loc.gov/MARC21/slim"><record><leader>00496nam--2200169-u-4500</leader><controlfield tag="001">000051285</controlfield><controlfield tag="002">20161230</controlfield><controlfield tag="005">20161230201049</controlfield><controlfield tag="008">080612s1000------------r-----000-0-eng-d</controlfield><datafield ind1=" " ind2=" " tag="040"><subfield code="a">IFIN-HH</subfield></datafield><datafield ind1=" " ind2=" " tag="080"><subfield code="a">515.179</subfield></datafield><datafield ind1="1" ind2=" " tag="100"><subfield code="a">Martin-Deschamps,Mireille</subfield></datafield><datafield ind1="1" ind2="0" tag="245"><subfield code="a">Surfaces des type general (ou Fondamental) et de type (T2) sur un Corps des Fonctions (Carasteristique 0)</subfield></datafield><datafield ind1=" " ind2=" " tag="260"><subfield code="a">Paris</subfield><subfield code="b">Centre D'Orsay</subfield><subfield code="c">1976</subfield></datafield><datafield ind1=" " ind2=" " tag="300"><subfield code="a">p.dif</subfield></datafield><datafield ind1=" " ind2=" " tag="852"><subfield code="a">44899</subfield><subfield code="c">515/516</subfield></datafield><datafield ind1=" " ind2=" " tag="CAT"><subfield code="a">Sys</subfield><subfield code="c">20080612</subfield><subfield code="h">101528</subfield></datafield></record></collection>